<?xml version="1.0" encoding="UTF-8"?><collection xmlns="http://www.loc.gov/MARC21/slim"><record><leader>00322nam--2200133-i-4500</leader><controlfield tag="001">000050280</controlfield><controlfield tag="002">20161230</controlfield><controlfield tag="005">20161230201048</controlfield><controlfield tag="008">060222s1000------------r-----000-0-eng-d</controlfield><datafield ind1=" " ind2=" " tag="080"><subfield code="a">681.3.06</subfield></datafield><datafield ind1=" " ind2=" " tag="100"><subfield code="a">Baluev,A.N</subfield></datafield><datafield ind1=" " ind2=" " tag="245"><subfield code="a">Sbornik uprazhenii po algol-60</subfield></datafield><datafield ind1=" " ind2=" " tag="260"><subfield code="a">Leningrad, Izd.Len.Univ.,1967. 87 S</subfield></datafield><datafield ind1=" " ind2=" " tag="852"><subfield code="a">27371</subfield></datafield></record></collection>